@misc{acosta2023espana,
    author = {Acosta, T. A.},
    title = {España registró 374.737 ciberdelitos en 2022},
    year = {2023},
    url = {https://www.interior.gob.es/opencms/es/detalle/articulo/Espana-registro-374.737-ciberdelitos-en-2022/},
    note = {Accessed: 2023-10-20}
}

@article{konradt2016phishing,
    author = {Konradt, C. and Schilling, A. and Werners, B.},
    title = {Phishing: An economic analysis of cybercrime perpetrators},
    journal = {Computers \& Security},
    volume = {58},
    pages = {39--46},
    year = {2016},
    publisher = {Elsevier},
    doi = {10.1016/j.cose.2015.12.001},
    url = {https://doi.org/10.1016/j.cose.2015.12.001}
}

@misc{liu2023malicious,
    author = {Liu, R. and Wang, Y. and Xu, H. and Qin, Z. and Liu, Y. and Cao, Z.},
    title = {Malicious URL detection via pretrained language model guided Multi-Level feature Attention Network},
    year = {2023},
    eprint = {2311.12372},
    archivePrefix = {arXiv},
    primaryClass = {cs.CR},
    url = {https://arxiv.org/abs/2311.12372},
    note = {Accessed: 2023-11-21}
}

@article{bigdata2013,
    title={Malicious URL filtering — A big data application},
    year={2013},
    publisher={IEEE Conference Publication},
    url={https://ieeexplore.ieee.org/abstract/document/6691627}
}

@misc{le2018urlnet,
    author = {Le, H. and Pham, Q. and Sahoo, D. and Hoi, S. C. H.},
    title = {URLNet: Learning a URL Representation with Deep Learning for Malicious URL Detection},
    year = {2018},
    eprint = {1802.03162},
    archivePrefix = {arXiv},
    primaryClass = {cs.CR},
    url = {https://arxiv.org/abs/1802.03162},
    note = {Accessed: 2018-02-09}
}

@misc{sahoo2017survey,
    author = {Sahoo, D. and Liu, C. and Hoi, S. C. H.},
    title = {Malicious URL Detection using Machine Learning: A Survey},
    year = {2017},
    eprint = {1701.07179},
    archivePrefix = {arXiv},
    primaryClass = {cs.CR},
    url = {https://arxiv.org/abs/1701.07179},
    note = {Accessed: 2017-01-25}
}

@misc{tavares2024evasion,
    author = {Tavares, P.},
    title = {Popular evasion techniques in the malware landscape},
    year = {2024},
    url = {https://www.infosecinstitute.com/resources/malware-analysis/popular-evasion-techniques-in-the-malware-landscape/},
    note = {Accessed: 2024-03-04}
}

@misc{defenseevasion,
    author = {n.d.},
    title={What is Defense evasion? Mastering Advanced Cybersecurity Techniques},
    url={https://cyberpedia.reasonlabs.com/EN/defense%20evasion.html},
    note={Accessed: 2024-03-04}
}

@misc{googlesafebrowsing,
    author = {Google.},
    title={Google Safe Browsing},
    url={https://safebrowsing.google.com/},
    note={Accessed: 2024-03-04}
}

@misc{phishtank,
    author = {n.d.},
    title={PhishTank | Join the fight against phishing},
    url={https://phishtank.org/},
    note={Accessed: 2024-03-04}
}

@misc{urlhaus,
    author = {n.d.},
    title={URLhaus - Malware URL exchange},
    url={https://urlhaus.abuse.ch/},
    note={Accessed: 2024-03-04}
}


@article{sun2016automating,
    title={Automating URL Blacklist Generation with Similarity Search Approach},
    author={Sun, B. and Akiyama, M. and Yagi, T. and Hatada, M. and Mori, T.},
    journal={IEICE Transactions on Information and Systems},
    year={2016},
    url={https://search.ieice.org/bin/summary.php?id=e99-d_4_873}
}

@article{ieee2010lookup,
    title={A High-Performance URL lookup engine for URL filtering systems},
    journal={IEEE Conference Publication},
    year={2010},
    url={https://ieeexplore.ieee.org/abstract/document/5501982}
}

@article{ieee2010phishnet,
    title={PhishNet: Predictive blacklisting to detect phishing attacks},
    journal={IEEE Conference Publication},
    year={2010},
    url={https://ieeexplore.ieee.org/abstract/document/5462216}
}

@inproceedings{raja2022mudhr,
    title={Mudhr: Malicious URL detection using heuristic rules based approach},
    author={Raja, A. S. and Pradeepa, G. and Arulkumar, N.},
    booktitle={AIP Conference Proceedings},
    year={2022},
    url={https://doi.org/10.1063/5.0074077}
}

@incollection{begum2019study,
    title={A study of malicious URL detection using machine learning and heuristic approaches},
    author={Begum, A. and Badugu, S.},
    booktitle={Learning and analytics in intelligent systems},
    pages={587--597},
    year={2019},
    url={https://doi.org/10.1007/978-3-030-24318-0_68}
}

@article{ieee2017malicious,
    title={Malicious web content detection using machine learning},
    journal={IEEE Conference Publication},
    year={2017},
    url={https://ieeexplore.ieee.org/abstract/document/8256834}
}

@inproceedings{xu2013cross,
    title={Cross-layer detection of malicious websites},
    author={Xu, L. and Zhan, Z. and Xu, S. and Ye, K.},
    booktitle={ACM Libre Academy},
    year={2013},
    url={https://doi.org/10.1145/2435349.2435366}
}

@article{cui2018malicious,
    title={Malicious URL detection with feature extraction based on machine learning},
    author={Cui, B.},
    journal={International Journal of High Performance Computing and Networking},
    year={2018},
    url={https://www.inderscienceonline.com/doi/abs/10.1504/IJHPCN.2018.094367}
}

@article{ieee2016detecting,
    title={Detecting malicious URLs using machine learning techniques},
    journal={IEEE Conference Publication},
    year={2016},
    url={https://ieeexplore.ieee.org/abstract/document/7850079}
}
@article{peng2019opening,
    title={Opening the Blackbox of VirusTotal},
    author={Peng, P. and Yang, L. and Song, L. and Wang, G.},
    booktitle={ACM Libre Academy},
    year={2019},
    url={https://doi.org/10.1145/3355369.3355585}
}

@article{ieee2017automated,
    title={Automated malicious advertisement detection using VirusTotal, URLVoid, and TrendMicro},
    journal={IEEE Conference Publication},
    year={2017},
    url={https://ieeexplore.ieee.org/abstract/document/7921994}
}

@article{misquitta2024comparative,
    title={A comparative study of malicious URL detection: regular expression analysis, machine learning, and VirusTotal API},
    author={Misquitta, J. and Kannan, A.},
    booktitle={EAI/Springer Innovations in Communication and Computing},
    year={2024},
    url={https://doi.org/10.1007/978-3-031-52760-9_16}
}

@article{ieee2021comparative,
    title={Malicious URL detection: A comparative study},
    journal={IEEE Conference Publication},
    year={2021},
    url={https://ieeexplore.ieee.org/abstract/document/9396014}
}

@incollection{fejrskov2021using,
    title={Using NetFlow to measure the impact of deploying DNS-based blacklists},
    author={Fejrskov M. Pedersen, J. M.  Vasilomanolakis E.},
    booktitle={Springer eBooks},
    pages={476--496},
    year={2021},
    url={https://doi.org/10.1007/978-3-030-90019-9_24}
}

@article{ieee2020threat,
    title={Analyzing Malicious URLs using a Threat Intelligence System},
    journal={IEEE Conference Publication},
    year={2020},
    url={https://ieeexplore.ieee.org/abstract/document/9118051}
}